=LDR  05275cas a22011053  4500
=001  012434440
=003  Uk
=005  20230429113429.0
=007  cu||||
=008  040410c||||||||ne\qr\p|s|\\\\0\\\|0eng\\
=FMT  \\$a  SE
=019  c\$a102110076
=022  0\$a1573-4978$y0301-4851
=040  \\$aUk$cUk
=245  00$aMOLECULAR BIOLOGY REPORTS$h[electronic resource].
=310  \\$aBi-monthly
=336  \\$atext$2rdacontent
=337  \\$acomputer$2rdamedia
=595  \\$aSEE ALSO SERIAL RECORDS KCS/SE.
=540  \\$aCurrent copyright fee: GBP29.95$c22\1$5Uk
=856  \\$31850-9999$uhttp://www.springer.com/gb/$xBLDSS
=859  \\$aXLD$bejournal
=883  0\$aLanguage codes assigned by Bayesian analysis of words present in record$d20201028$qUk$c0.9010
=852  41$aBritish Library$bDSC$j5900.798000$3Volume 24:Issue 3(1997)-Volume 45:Issue 2(2018)***See ESTAR for full holdings.
=945  \\$aMOLECULAR BIOLOGY REPORTS.
=959  \\$fHeld but not currently received
=963  \\$aCA/M-7 VOL. 1, 1973- 15, 1991 *A=1$bY
=979  \\$aBritish Library$bDSC$j5900.798000
=985  \\$aCorrected by BSS-generated file for WR# 08/157
=985  \\$aUpgraded by BSS-generated file for WR2011-1472
=A02  \\$a102110076
=CAT  \\$aCONV$b00$c20040425$lBLL90$h0713
=CAT  \\$aIPL-CLA$c20150930$lBLL01$h1801
=CAT  \\$aBATCH-UPD$b00$c20160217$lBLL01$h1637
=CAT  \\$aIPL-CLA$c20160331$lBLL01$h1721
=CAT  \\$aBATCH-UPD$b00$c20160520$lBLL01$h0922
=CAT  \\$aBATCH-UPD$b00$c20160524$lBLL01$h2156
=CAT  \\$aBATCH-UPD$b00$c20160824$lBLL01$h1714
=CAT  \\$aIPL-CLA$c20160930$lBLL01$h1559
=CAT  \\$aBATCH-UPD$b00$c20170216$lBLL01$h1801
=CAT  \\$aIPL-CLA$c20170331$lBLL01$h1841
=CAT  \\$aBATCH-UPD$b00$c20170904$lBLL01$h1803
=CAT  \\$aIPL-CLA$c20170929$lBLL01$h1725
=CAT  \\$aBATCH-UPD$b00$c20180223$lBLL01$h1619
=CAT  \\$aIPL-CLA$c20180331$lBLL01$h1615
=CAT  \\$aW1805-0475$c20180520$lBLL01$h1631
=CAT  \\$aBATCH-UPD$b00$c20180524$lBLL01$h1652
=CAT  \\$aIPL-CLA$c20180630$lBLL01$h1914
=CAT  \\$aW1908-0780$b00$c20200730$lBLL01$h1325
=CAT  \\$a5552$b40$c20200818$lBLL01$h1331
=CAT  \\$aW2011-1472$b00$c20201127$lBLL01$h1803
=CAT  \\$a5552$b40$c20210621$lBLL01$h1431
=CAT  \\$a12654$b40$c20210622$lBLL01$h1332
=CAT  \\$aCDS21$c20220118$lBLL01$h1104
=CAT  \\$aBATCH-UPD$b00$c20221121$lBLL01$h1359
=CAT  \\$aIPL-CLA$c20221231$lBLL01$h1444
=CAT  \\$a5410$b40$c20230429$lBLL01$h1134
=CFI  0\$aCurrent copyright fee: GBP29.95$c22\1$e01-jan-2023$fGBP29.95$g0$hP$5Uk
=CFI  2\$aPrevious copyright fee: GBP34.00$c22\1$e22-jun-2021$fGBP34.00$g0$hP$5Uk
=EST  \\$a1
=FFP  \\$aY$bBLDSS-3PM
=FIN  \\$aY
=LEO  \\$aMP10.0000631710
=MNI  \\$a0301-4851
=SRC  \\$aDSS01$bbibmp10.200404.2.aa
=TCO  \\$aNLD$bSTICHTING REPRORECHT$c008
=TOC  \\$aETOC
=UNO  \\$aY
=ACF  \\$aPrevious copyright fee: GBP21.25$c13\1$e01-jan-2009$fGBP21.25$g0$hP$5Uk
=ACF  \\$aPrevious copyright fee: GBP16.75$c13\1$e01-jan-2007$fGBP16.75$g0$hP$5Uk
=ACF  \\$aPrevious copyright fee: GBP16.22$c13\1$e01-oct-2006$fGBP16.22$g0$hP$5Uk
=ACF  \\$aPrevious copyright fee: GBP17.14$c13\1$e01-apr-2006$fGBP17.14$g0$hP$5Uk
=ACF  \\$aPrevious copyright fee: GBP16.67$c13\1$e01-jan-2006$fGBP16.67$g0$hP$5Uk
=ACF  \\$aPrevious copyright fee: GBP16.22$c13\1$e01-apr-2005$fGBP16.22$g0$hP$5Uk
=ACF  \\$aPrevious copyright fee: GBP16.67$c13\1$e01-jan-2005$fGBP16.67$g0$hP$5Uk
=ACF  \\$aPrevious copyright fee: GBP13.51$c13\1$e01-apr-2004$fGBP13.51$g0$hP$5Uk
=ACF  \\$aCurrent copyright fee: GBP14.71$c13\1$e01-jan-2004$fGBP14.71$g0$hP$5Uk
=ACF  \\$aCurrent copyright fee: GBP15.63$c13\1$e01-jan-2003$fGBP15.63$g0$hP$5Uk
=ACF  \\$aPrevious copyright fee: GBP22.00$c13\1$e01-apr-2009$fGBP22.00$g0$hP$5Uk
=ACF  \\$aPrevious copyright fee: GBP22.00$c13\1$e12-aug-2012$fGBP22.00$g0$hP$5Uk
=ACF  \\$aPrevious copyright fee: GBP25.00$c13\1$e01-jan-2013$fGBP25.00$g0$hP$5Uk
=ACF  \\$aPrevious copyright fee: GBP25.77$c13\1$e01-jul-2013$fGBP25.77$g0$hP$5Uk
=ACF  \\$aPrevious copyright fee: GBP24.97$c13\1$e01-jan-2014$fGBP24.97$g0$hP$5Uk
=ACF  \\$aPrevious copyright fee: GBP24.21$c13\1$e01-jul-2014$fGBP24.21$g0$hP$5Uk
=ACF  \\$aPrevious copyright fee: GBP25.77$c13\1$e01-apr-2015$fGBP25.77$g0$hP$5Uk
=ACF  \\$aPrevious copyright fee: GBP26.63$c13\1$e01-jul-2015$fGBP26.63$g0$hP$5Uk
=ACF  \\$aPrevious copyright fee: GBP25.77$c13\1$e01-oct-2015$fGBP25.77$g0$hP$5Uk
=ACF  \\$aPrevious copyright fee: GBP27.55$c13\1$e01-apr-2016$fGBP27.55$g0$hP$5Uk
=ACF  \\$aPrevious copyright fee: GBP29.59$c13\1$e01-oct-2016$fGBP29.59$g0$hP$5Uk
=ACF  \\$aPrevious copyright fee: GBP31.96$c13\1$e01-apr-2017$fGBP31.96$g0$hP$5Uk
=ACF  \\$aPrevious copyright fee: GBP30.73$c13\1$e01-oct-2017$fGBP30.73$g0$hP$5Uk
=ACF  \\$aPrevious copyright fee: GBP24.00$c16\0$e21-jun-2021$fGBP24.00$g0$hP$5Uk
=ACF  \\$aPrevious copyright fee: GBP34.00$c22\1$e01-jul-2018$fGBP34.00$g0$hP$5Uk
=ACF  \\$aPrevious copyright fee: GBP28.54$c13\1$e01-apr-2018$fGBP28.54$g0$hP$5Uk
=LAS  \\$a5410$b40$c20230429$lBLL01$h1134

