=LDR  05318cas a2201165 a 4500
=001  013446182
=003  Uk
=005  20230322104624.0
=006  m\\\\\\\\d\\\\\\\\
=007  cr\mnu|||uuaaa
=008  060801c19929999cc\qr\p\s\\\\\0\\\a0eng\d
=FMT  \\$a  SE
=022  \\$a1861-9576$y1004-3756
=030  \\$aJSSEER
=035  \\$a(OCoLC)224719400
=040  \\$aAU@$beng$cAU@$dOCLCQ$dUk
=042  \\$aukblsr
=050  14$aQ295$b.J68
=082  04$a003.05$223
=130  0\$aJournal of systems science and systems engineering (Online)
=210  0\$aJ. syst. sci. syst. eng
=222  \0$aJournal of systems science and systems engineering$b(Internet)
=245  10$aJournal of systems science and systems engineering$h[electronic resource] :$bJSSSE.
=246  13$aJSSSE
=260  \\$a[Beijing] :$bSystems Engineering Society Of China ;$a[Berlin] :$bSpringer
=310  \\$aQuarterly
=336  \\$atext$2rdacontent
=337  \\$acomputer$2rdamedia
=338  \\$aonline resource$2rdacarrier
=362  1\$aPrint began with v. 1, no. 1 (Sept. 1992).
=516  \\$aAbstracts, tables of contents, and citation information are HTML encoded; articles are available in portable document format (PDF) and in HTML.
=530  \\$aAlso issued in print.
=538  \\$aSystem requirements: Internet connectivity, World Wide Web browser, and Adobe Acrobat reader.
=550  \\$aSponsored by: Systems Engineering Society of China.
=588  \\$aDescription based on: Vol. 12, no. 2 (June 2003); title from cover.
=588  \\$aLatest issue consulted: Vol. 21, no. 3 (Sept. 2012) (SpringerLink, viewed Oct. 18, 2012).
=540  \\$aCurrent copyright fee: GBP29.95$c22\1$5Uk
=650  \0$aSystem theory$vPeriodicals.
=650  \0$aSystem analysis$vPeriodicals.
=650  \0$aSystems engineering$vPeriodicals.
=710  2\$aZhongguo xi tong gong cheng xue hui.
=776  1\$tJournal of systems science and systems engineering$x1004-3756
=856  \\$31850-9999$uhttp://www.springer.com/gb/$xBLDSS
=859  \\$aXLD$bejournal
=852  \\$aBritish Library$bDSC$j5068.095500$3Volume 12:Issue 1(2003)-Volume 27:Issue 1(2018)***See ESTAR for full holdings.
=945  \\$aJOURNAL OF SYSTEMS SCIENCE AND SYSTEMS ENGINEERING
=959  \\$fHeld but not currently received
=979  \\$aBritish Library$bDSC$j5068.095500
=CAT  \\$a7174$b40$c20060410$lBLL01$h1112
=CAT  \\$aBATCH-UPD$b00$c20150219$lBLL01$h1743
=CAT  \\$aIPL-CLA$c20150331$lBLL01$h1644
=CAT  \\$aBATCH-UPD$b00$c20150520$lBLL01$h1750
=CAT  \\$aIPL-CLA$c20150630$lBLL01$h1650
=CAT  \\$aBATCH-UPD$b00$c20150820$lBLL01$h1837
=CAT  \\$aIPL-CLA$c20150930$lBLL01$h1812
=CAT  \\$aBATCH-UPD$b00$c20160217$lBLL01$h1728
=CAT  \\$aIPL-CLA$c20160331$lBLL01$h1733
=CAT  \\$aBATCH-UPD$b00$c20160524$lBLL01$h2210
=CAT  \\$aBATCH-UPD$b00$c20160525$lBLL01$h0024
=CAT  \\$aBATCH-UPD$b00$c20160824$lBLL01$h1755
=CAT  \\$aIPL-CLA$c20160930$lBLL01$h1607
=CAT  \\$aBATCH-UPD$b00$c20170216$lBLL01$h1843
=CAT  \\$aIPL-CLA$c20170331$lBLL01$h1848
=CAT  \\$aBATCH-UPD$b00$c20170904$lBLL01$h1852
=CAT  \\$aIPL-CLA$c20170929$lBLL01$h1733
=CAT  \\$aBATCH-UPD$b00$c20180223$lBLL01$h1721
=CAT  \\$aIPL-CLA$c20180331$lBLL01$h1624
=CAT  \\$aW1805-0475$c20180520$lBLL01$h1632
=CAT  \\$aBATCH-UPD$b00$c20180524$lBLL01$h1714
=CAT  \\$aIPL-CLA$c20180630$lBLL01$h1919
=CAT  \\$aW1908-0780$b00$c20200730$lBLL01$h1329
=CAT  \\$aCDS21$c20220118$lBLL01$h1105
=CAT  \\$aBATCH-UPD$b00$c20221121$lBLL01$h1400
=CAT  \\$aIPL-CLA$c20221231$lBLL01$h1447
=CAT  \\$a5410$b40$c20230322$lBLL01$h1046
=CFI  0\$aCurrent copyright fee: GBP29.95$c22\1$e01-jan-2023$fGBP29.95$g0$hP$5Uk
=CFI  2\$aPrevious copyright fee: GBP34.00$c22\1$e01-jul-2018$fGBP34.00$g0$hP$5Uk
=EST  \\$a1
=FFP  \\$aY$bBLDSS-3PM
=FIN  \\$aY$d20121018
=MNI  \\$a1004-3756
=SID  \\$aZ39$bOCLC
=TCO  \\$aZZZ$c008
=TOC  \\$aETOC
=UNO  \\$aY
=ACF  \\$aPrevious Copyright Fee: GBP17.14$c22\3$e10-apr-2006$fGBP17.14$g0$hP$5Uk
=ACF  \\$aPrevious copyright fee: GBP22.00$c22\3$e12-aug-2012$fGBP22.00$g0$hP$5Uk
=ACF  \\$aPrevious copyright fee: GBP25.00$c22\3$e01-jan-2013$fGBP25.00$g0$hP$5Uk
=ACF  \\$aPrevious copyright fee: GBP25.77$c22\3$e01-jul-2013$fGBP25.77$g0$hP$5Uk
=ACF  \\$aPrevious copyright fee: GBP24.97$c22\3$e01-jan-2014$fGBP24.97$g0$hP$5Uk
=ACF  \\$aPrevious copyright fee: GBP24.21$c22\3$e01-jul-2014$fGBP24.21$g0$hP$5Uk
=ACF  \\$aPrevious copyright fee: GBP25.77$c22\3$e01-apr-2015$fGBP25.77$g0$hP$5Uk
=ACF  \\$aPrevious copyright fee: GBP26.63$c22\3$e01-jul-2015$fGBP26.63$g0$hP$5Uk
=ACF  \\$aPrevious copyright fee: GBP25.77$c22\3$e01-oct-2015$fGBP25.77$g0$hP$5Uk
=ACF  \\$aPrevious copyright fee: GBP27.55$c22\3$e01-apr-2016$fGBP27.55$g0$hP$5Uk
=ACF  \\$aPrevious copyright fee: GBP29.59$c22\3$e01-oct-2016$fGBP29.59$g0$hP$5Uk
=ACF  \\$aPrevious copyright fee: GBP31.96$c22\3$e01-apr-2017$fGBP31.96$g0$hP$5Uk
=ACF  \\$aPrevious copyright fee: GBP30.73$c22\3$e01-oct-2017$fGBP30.73$g0$hP$5Uk
=ACF  \\$aPrevious copyright fee: GBP28.54$c22\3$e01-apr-2018$fGBP28.54$g0$hP$5Uk
=LAS  \\$a5410$b40$c20230322$lBLL01$h1046

