=LDR  04609cas a2201057 i 4500
=001  016326722
=003  Uk
=005  20230414195121.0
=006  m\\\\\\\\d\\\\\\\\
=007  cr\|||||||||||
=008  130426c19939999sz\er\p\s\\\\\0\\\a0eng\\
=FMT  \\$a  SE
=022  \\$a1179-1977
=040  \\$aUk$beng$cUk$erda
=042  \\$aukblsr
=082  04$a615.5$223
=210  0\$aDrugs ther. perspect.$b(Online)
=222  \0$aDrugs & therapy perspectives$b(Online)
=245  00$aDrugs and therapy perspectives.
=246  3\$aDrugs & therapy perspectives
=260  \\$aAuckland :$bAdis International,$c1993-
=264  31$a[Cham] :$bSpringer International Publishing AG
=300  \\$bFortnightly
=336  \\$atext$2rdacontent
=337  \\$acomputer$2rdamedia
=338  \\$aonline resource$2rdacarrier
=362  1\$aPrint began with vol. 1, no. 1 (Jan. 25 1993).
=588  \\$aDescription based on print version record.
=588  \\$aLatest issue consulted: volume 29, issue 6 (June 2013) (SpringerLink, viewed June 17, 2013).
=540  \\$aCurrent copyright fee: GBP34.95$c21\0$5Uk
=650  \0$aDrugs$xPeriodicals.
=650  \0$aChemotherapy$xPeriodicals.
=710  2\$aAdis International.
=776  08$iAlso issued in print as:$tDrugs and therapy perspectives$x1172-0360
=856  \\$31850-9999$uhttp://link.springer.com/$xBLDSS
=859  \\$aXLD$bejournal
=852  41$aBritish Library$bDSC$j3629.665000$3Volume 9:Issue 2(1997)-Volume 34:Issue 4(2018)***See ESTAR for full holdings.
=945  \\$aDrugs and therapy perspectives.
=959  \\$fHeld but not currently received
=979  \\$aBritish Library$bDSC$j3629.665000
=985  \\$aCONFERENCE ANALYTIC RECORDS EXIST
=CAT  \\$a8055$b40$c20130426$lBLL01$h1419
=CAT  \\$aBATCH-UPD$b00$c20150219$lBLL01$h1732
=CAT  \\$aIPL-CLA$c20150331$lBLL01$h1723
=CAT  \\$aBATCH-UPD$b00$c20150520$lBLL01$h1741
=CAT  \\$aIPL-CLA$c20150630$lBLL01$h1719
=CAT  \\$aBATCH-UPD$b00$c20150820$lBLL01$h1828
=CAT  \\$aIPL-CLA$c20150930$lBLL01$h1848
=CAT  \\$aBATCH-UPD$b00$c20160217$lBLL01$h1717
=CAT  \\$aIPL-CLA$c20160331$lBLL01$h1811
=CAT  \\$aBATCH-UPD$b00$c20160524$lBLL01$h2215
=CAT  \\$aBATCH-UPD$b00$c20160525$lBLL01$h0056
=CAT  \\$aBATCH-UPD$b00$c20160824$lBLL01$h1745
=CAT  \\$aIPL-CLA$c20160930$lBLL01$h1638
=CAT  \\$aBATCH-UPD$b00$c20170216$lBLL01$h1833
=CAT  \\$aIPL-CLA$c20170331$lBLL01$h1916
=CAT  \\$aBATCH-UPD$b00$c20170904$lBLL01$h1841
=CAT  \\$aIPL-CLA$c20170929$lBLL01$h1802
=CAT  \\$aBATCH-UPD$b00$c20180223$lBLL01$h1659
=CAT  \\$aIPL-CLA$c20180331$lBLL01$h1704
=CAT  \\$aW1805-0475$c20180520$lBLL01$h1632
=CAT  \\$aBATCH-UPD$b00$c20180524$lBLL01$h1705
=CAT  \\$aIPL-CLA$c20180630$lBLL01$h1937
=CAT  \\$aW1908-0780$b00$c20200730$lBLL01$h1332
=CAT  \\$aCDS21$c20220118$lBLL01$h1105
=CAT  \\$aBATCH-UPD$b00$c20221121$lBLL01$h1352
=CAT  \\$aIPL-CLA$c20221231$lBLL01$h1451
=CAT  \\$a5410$b40$c20230414$lBLL01$h1951
=CFI  0\$aCurrent copyright fee: GBP34.95$c21\0$e01-jan-2023$fGBP34.95$g0$hP$5Uk
=CFI  2\$aPrevious copyright fee: GBP43.00$c21\0$e01-jul-2018$fGBP43.00$g0$hP$5Uk
=EST  \\$a1
=FFP  \\$aY$bBLDSS-3PM
=FIN  \\$aY$d20130617
=LKR  \\$aPAR$b007842832$lBLL01$nDrugs & therapy perspectives (Print)$mDrugs & therapy perspectives (Online)$r776
=MNI  \\$a1172-0360
=TCO  \\$aNZL$bCLL$c008
=TOC  \\$aETOC
=UNO  \\$aY
=ACF  \\$aPrevious copyright fee: GBP31.22$c21\0$e26-apr-2013$fGBP31.22$g0$hP$5Uk
=ACF  \\$aPrevious copyright fee: GBP32.23$c21\0$e01-jul-2013$fGBP32.23$g0$hP$5Uk
=ACF  \\$aPrevious copyright fee: GBP31.21$c21\0$e01-jan-2014$fGBP31.21$g0$hP$5Uk
=ACF  \\$aPrevious copyright fee: GBP30.27$c21\0$e01-jul-2014$fGBP30.27$g0$hP$5Uk
=ACF  \\$aPrevious copyright fee: GBP32.23$c21\0$e01-apr-2015$fGBP32.23$g0$hP$5Uk
=ACF  \\$aPrevious copyright fee: GBP33.30$c21\0$e01-jul-2015$fGBP33.30$g0$hP$5Uk
=ACF  \\$aPrevious copyright fee: GBP32.23$c21\0$e01-oct-2015$fGBP32.23$g0$hP$5Uk
=ACF  \\$aPrevious copyright fee: GBP34.45$c21\0$e01-apr-2016$fGBP34.45$g0$hP$5Uk
=ACF  \\$aPrevious copyright fee: GBP37.00$c21\0$e01-oct-2016$fGBP37.00$g0$hP$5Uk
=ACF  \\$aPrevious copyright fee: GBP39.96$c21\0$e01-apr-2017$fGBP39.96$g0$hP$5Uk
=ACF  \\$aPrevious copyright fee: GBP38.42$c21\0$e01-oct-2017$fGBP38.42$g0$hP$5Uk
=ACF  \\$aPrevious copyright fee: GBP35.68$c21\0$e01-apr-2018$fGBP35.68$g0$hP$5Uk
=LAS  \\$a5410$b40$c20230414$lBLL01$h1951

