=LDR  04335cas a2200997 i 4500
=001  016336371
=003  Uk
=005  20230414195231.0
=006  m\\\\\\\\d\\\\\\\\
=007  cr\|||||||||||
=008  130308c20139999ii\qr\p\s\\\\\0\\\a0eng\\
=FMT  \\$a  SE
=022  0\$a2277-9086
=040  \\$aUk$beng$cUk$erda
=042  \\$aukblsr
=082  04$a004.05$223
=222  \0$aCSI Transactions on ICT$b(Online)
=245  00$aCSI Transactions on ICT.
=246  13$aCSIT
=246  3\$aComputer Society of India transactions on information and communication technology
=264  \1$aNew Delhi :$bSpringer,$c2013-
=310  \\$aQuarterly
=336  \\$atext$2rdacontent
=337  \\$acomputer$2rdamedia
=338  \\$aonline resource$2rdacarrier
=362  0\$aVolume 1, issue 1 (March 2013)-
=500  \\$aTitle from table of contents page (SpringerLink, viewed June 20, 2013).
=588  \\$aLatest issue consulted: Volume 1, issue 2 (June 2012); (viewed June 20, 2013).
=540  \\$aCurrent copyright fee: GBP29.95$c22\1$5Uk
=650  \0$aInformation technology$vPeriodicals.
=710  2\$aComputer Society of India,$eissuing body.
=776  08$iAlso issued in print as:$tCSI transactions on ICT$x2277-9078
=856  \\$31850-9999$uhttp://www.springer.com/gb/$xBLDSS
=859  \\$aXLD$bejournal
=852  41$aBritish Library$bDSC$j3490.183530$3Volume 1:Issue 1(2013)-Volume 5:Issue 4(2017)***See ESTAR for full holdings.
=945  \\$aCSI Transactions on ICT
=959  \\$fHeld but not currently received
=979  \\$aBritish Library$bDSC$j3490.183530
=CAT  \\$a12654$b40$c20130509$lBLL01$h1123
=CAT  \\$aBATCH-UPD$b00$c20150219$lBLL01$h1736
=CAT  \\$aIPL-CLA$c20150331$lBLL01$h1723
=CAT  \\$aBATCH-UPD$b00$c20150520$lBLL01$h1744
=CAT  \\$aIPL-CLA$c20150630$lBLL01$h1720
=CAT  \\$aBATCH-UPD$b00$c20150820$lBLL01$h1832
=CAT  \\$aIPL-CLA$c20150930$lBLL01$h1848
=CAT  \\$aBATCH-UPD$b00$c20160217$lBLL01$h1721
=CAT  \\$aIPL-CLA$c20160331$lBLL01$h1812
=CAT  \\$aBATCH-UPD$b00$c20160524$lBLL01$h2215
=CAT  \\$aBATCH-UPD$b00$c20160525$lBLL01$h0056
=CAT  \\$aBATCH-UPD$b00$c20160824$lBLL01$h1750
=CAT  \\$aIPL-CLA$c20160930$lBLL01$h1638
=CAT  \\$aBATCH-UPD$b00$c20170216$lBLL01$h1837
=CAT  \\$aIPL-CLA$c20170331$lBLL01$h1916
=CAT  \\$aBATCH-UPD$b00$c20170904$lBLL01$h1845
=CAT  \\$aIPL-CLA$c20170929$lBLL01$h1802
=CAT  \\$aBATCH-UPD$b00$c20180223$lBLL01$h1706
=CAT  \\$aIPL-CLA$c20180331$lBLL01$h1704
=CAT  \\$aW1805-0475$c20180520$lBLL01$h1632
=CAT  \\$aBATCH-UPD$b00$c20180524$lBLL01$h1709
=CAT  \\$aIPL-CLA$c20180630$lBLL01$h1938
=CAT  \\$aW1908-0780$b00$c20200730$lBLL01$h1332
=CAT  \\$aCDS21$c20220118$lBLL01$h1105
=CAT  \\$aBATCH-UPD$b00$c20221121$lBLL01$h1406
=CAT  \\$aIPL-CLA$c20221231$lBLL01$h1451
=CAT  \\$a5410$b40$c20230414$lBLL01$h1952
=CFI  0\$aCurrent copyright fee: GBP29.95$c22\1$e01-jan-2023$fGBP29.95$g0$hP$5Uk
=CFI  2\$aPrevious copyright fee: GBP34.00$c22\1$e01-jul-2018$fGBP34.00$g0$hP$5Uk
=EST  \\$a1
=FFP  \\$aY$bBLDSS-3PM
=FIN  \\$aY$d20130620
=MNI  \\$a2277-9078
=TOC  \\$aETOC
=UNO  \\$aY
=ACF  \\$aPrevious copyright fee: GBP25.00$c22\1$e09-may-2013$fGBP 25.00$g0$hP$5Uk
=ACF  \\$aPrevious copyright fee: GBP25.77$c22\1$e01-jul-2013$fGBP25.77$g0$hP$5Uk
=ACF  \\$aPrevious copyright fee: GBP24.97$c22\1$e01-jan-2014$fGBP24.97$g0$hP$5Uk
=ACF  \\$aPrevious copyright fee: GBP24.21$c22\1$e01-jul-2014$fGBP24.21$g0$hP$5Uk
=ACF  \\$aPrevious copyright fee: GBP25.77$c22\1$e01-apr-2015$fGBP25.77$g0$hP$5Uk
=ACF  \\$aPrevious copyright fee: GBP26.63$c22\1$e01-jul-2015$fGBP26.63$g0$hP$5Uk
=ACF  \\$aPrevious copyright fee: GBP25.77$c22\1$e01-oct-2015$fGBP25.77$g0$hP$5Uk
=ACF  \\$aPrevious copyright fee: GBP27.55$c22\1$e01-apr-2016$fGBP27.55$g0$hP$5Uk
=ACF  \\$aPrevious copyright fee: GBP29.59$c22\1$e01-oct-2016$fGBP29.59$g0$hP$5Uk
=ACF  \\$aPrevious copyright fee: GBP31.96$c22\1$e01-apr-2017$fGBP31.96$g0$hP$5Uk
=ACF  \\$aPrevious copyright fee: GBP30.73$c22\1$e01-oct-2017$fGBP30.73$g0$hP$5Uk
=ACF  \\$aPrevious copyright fee: GBP28.54$c22\1$e01-apr-2018$fGBP28.54$g0$hP$5Uk
=LAS  \\$a5410$b40$c20230414$lBLL01$h1952

