=LDR  04895cas a2201045 i 4500
=001  013741834
=003  Uk
=005  20230311110930.0
=006  m\\\\\\\\d\\\\\\\\
=007  cr\|||||||||||
=008  070509c20049999nyubr\p\s\\\\\0\\\a0eng\\
=FMT  \\$a  SE
=022  \\$a1863-7345$y1547-7037
=040  \\$aUk$beng$cUk$erda
=042  \\$aukblsr
=082  04$a530.474$223
=245  00$aJournal of phase equilibria and diffusion.
=264  \1$a[New York] :$bSpringer US
=310  \\$aBimonthly
=336  \\$atext$2rdacontent
=337  \\$acomputer$2rdamedia
=338  \\$aonline resource$2rdacarrier
=362  0\$aVolume 25, issue 1 (February 2004)-
=588  \\$aTitle from journal information screen (SpringerLink, viewed October 31, 2013).
=588  \\$aLatest issue consulted: volume 34, issue 5 (October 2013) (viewed October 31, 2013).
=540  \\$aCurrent copyright fee: GBP29.95$c22\1$5Uk
=776  08$iAlso issued in print as:$tJournal of phase equilibria and diffusion$x1547-7037
=780  00$tJournal of phase equilibria$x1544-1032
=856  \\$31850-9999$uhttp://www.springer.com/gb/$xBLDSS
=859  \\$aXLD$bejournal
=852  41$aBritish Library$bDSC$j5034.070000$3Volume 25:Issue 1(2004)-Volume 39:Issue 1(2018)***See ESTAR for full holdings.
=945  \\$aJournal of phase equilibria and diffusion
=959  \\$fHeld but not currently received
=979  \\$aBritish Library$bDSC$j5034.070000
=985  \\$aCONFERENCE ANALYTIC RECORDS EXIST
=CAT  \\$a7174$b40$c20070509$lBLL01$h1200
=CAT  \\$aIPL-CLA$c20150331$lBLL01$h1649
=CAT  \\$aBATCH-UPD$b00$c20150520$lBLL01$h1759
=CAT  \\$aIPL-CLA$c20150630$lBLL01$h1655
=CAT  \\$aBATCH-UPD$b00$c20150820$lBLL01$h1846
=CAT  \\$aIPL-CLA$c20150930$lBLL01$h1817
=CAT  \\$aBATCH-UPD$b00$c20160217$lBLL01$h1737
=CAT  \\$aIPL-CLA$c20160331$lBLL01$h1740
=CAT  \\$aBATCH-UPD$b00$c20160524$lBLL01$h2211
=CAT  \\$aBATCH-UPD$b00$c20160525$lBLL01$h0027
=CAT  \\$aBATCH-UPD$b00$c20160824$lBLL01$h1804
=CAT  \\$aIPL-CLA$c20160930$lBLL01$h1612
=CAT  \\$aBATCH-UPD$b00$c20170216$lBLL01$h1852
=CAT  \\$aIPL-CLA$c20170331$lBLL01$h1852
=CAT  \\$aBATCH-UPD$b00$c20170904$lBLL01$h1902
=CAT  \\$aIPL-CLA$c20170929$lBLL01$h1737
=CAT  \\$aBATCH-UPD$b00$c20180223$lBLL01$h1735
=CAT  \\$aIPL-CLA$c20180331$lBLL01$h1628
=CAT  \\$aW1805-0475$c20180520$lBLL01$h1632
=CAT  \\$aBATCH-UPD$b00$c20180524$lBLL01$h1722
=CAT  \\$aIPL-CLA$c20180630$lBLL01$h1921
=CAT  \\$aW1908-0780$b00$c20200730$lBLL01$h1330
=CAT  \\$a5552$b40$c20200818$lBLL01$h1412
=CAT  \\$aCDS21$c20220118$lBLL01$h1105
=CAT  \\$aBATCH-UPD$b00$c20221121$lBLL01$h1401
=CAT  \\$aIPL-CLA$c20221231$lBLL01$h1448
=CAT  \\$a5410$b40$c20230311$lBLL01$h1109
=CFI  0\$aCurrent copyright fee: GBP29.95$c22\1$e01-jan-2023$fGBP29.95$g0$hP$5Uk
=CFI  2\$aPrevious copyright fee: GBP34.00$c22\1$e01-jul-2018$fGBP34.00$g0$hP$5Uk
=EST  \\$a1
=FFP  \\$aY$bBLDSS-3PM
=FIN  \\$aY$d20131031
=LKR  \\$aPAR$b013044576$lBLL01$nJournal of phase equilibria and diffusion (Print).$mJournal of phase equilibria and diffusion (Online)$r776
=LKR  \\$aPAR$b013952837$lBLL01$r780$mJournal of phase equilibria and diffusion (Online)$nJournal of phase equilibria (Online)
=MNI  \\$a1547-7037
=TCO  \\$aTRS$bCCC$c008
=TOC  \\$aETOC
=UNO  \\$aY
=ACF  \\$aPrevious copyright fee: GBP21.25$c22\8$e01-jan-2009$fGBP21.25$g0$hP$5Uk
=ACF  \\$aPrevious Copyright Fee: GBP16.75$c22\8$e09-may-2007$fGBP16.75$g0$hP$5Uk
=ACF  \\$aPrevious copyright fee: GBP22.00$c22\8$e01-apr-2009$fGBP22.00$g0$hP$5Uk
=ACF  \\$aPrevious copyright fee: GBP22.00$c22\8$e12-aug-2012$fGBP22.00$g0$hP$5Uk
=ACF  \\$aPrevious copyright fee: GBP25.00$c22\8$e01-jan-2013$fGBP25.00$g0$hP$5Uk
=ACF  \\$aPrevious copyright fee: GBP25.77$c22\8$e01-jul-2013$fGBP25.77$g0$hP$5Uk
=ACF  \\$aPrevious copyright fee: GBP24.97$c22\8$e01-jan-2014$fGBP24.97$g0$hP$5Uk
=ACF  \\$aPrevious copyright fee: GBP24.21$c22\8$e01-jul-2014$fGBP24.21$g0$hP$5Uk
=ACF  \\$aPrevious copyright fee: GBP25.77$c22\8$e01-apr-2015$fGBP25.77$g0$hP$5Uk
=ACF  \\$aPrevious copyright fee: GBP26.63$c22\8$e01-jul-2015$fGBP26.63$g0$hP$5Uk
=ACF  \\$aPrevious copyright fee: GBP25.77$c22\8$e01-oct-2015$fGBP25.77$g0$hP$5Uk
=ACF  \\$aPrevious copyright fee: GBP27.55$c22\8$e01-apr-2016$fGBP27.55$g0$hP$5Uk
=ACF  \\$aPrevious copyright fee: GBP29.59$c22\8$e01-oct-2016$fGBP29.59$g0$hP$5Uk
=ACF  \\$aPrevious copyright fee: GBP31.96$c22\8$e01-apr-2017$fGBP31.96$g0$hP$5Uk
=ACF  \\$aPrevious copyright fee: GBP30.73$c22\8$e01-oct-2017$fGBP30.73$g0$hP$5Uk
=ACF  \\$aPrevious copyright fee: GBP28.54$c22\8$e01-apr-2018$fGBP28.54$g0$hP$5Uk
=LAS  \\$a5410$b40$c20230311$lBLL01$h1109

