=LDR  05614cas a2201177 i 4500
=001  013817224
=003  Uk
=005  20230313134208.0
=006  m\\\\\\\\d\\\\\\\\
=007  cr\|||||||||||
=008  070814c\\\\9999ne\qr\p\s\\\\\0\\\a0eng\\
=FMT  \\$a  SE
=022  \\$a1874-6365
=040  \\$aUk$beng$cUk$erda
=041  \\$aeng$afre
=042  \\$aukblsr
=082  04$a325.1$223
=222  \0$aJournal of international migration and integration$b(Online)
=245  00$aJournal of international migration and integration =$bRevue de l'integration et de la migration internationale.
=246  31$aRevue de l'integration et de la migration internationale
=246  13$aJIMI
=246  13$aRIMI
=264  \1$aEdmonton :$bPrarie Centre of Excellence for Research on Immigration and Integration
=264  31$a[Netherlands] :$bSpringer Netherlands
=310  \\$aQuarterly
=336  \\$atext$2rdacontent
=337  \\$acomputer$2rdamedia
=338  \\$aonline resource$2rdacarrier
=362  1\$aPrint began with Volume 1, issue 1 (winter 2000).
=500  \\$aDescription based on print record.
=546  \\$aText in English with some articles in French.
=588  \\$aLatest issue consulted: volume 14, issue 4 (November 2013)(SpringerLink, viewed Nov. 5, 2013).
=540  \\$aCurrent copyright fee: GBP29.95$c22\1$5Uk
=650  \0$aEmigration and immigration$vPeriodicals.
=650  \0$aEmigration and immigration$xGovernment policy$vPeriodicals.
=651  \0$aCanada$xEmigration and immigration$vPeriodicals.
=651  \0$aCanada$xEmigration and immigration$xGovernment policy$vPeriodicals.
=650  \0$aImmigrants$xCultural assimilation$vPeriodicals.
=710  2\$aPrairie Centre of Excellence for Research on Immigration and Integration.
=776  08$iAlso issued in print as:$tJournal of international migration and integration$x1488-3473
=856  \\$31850-9999$uhttp://www.springer.com/gb/$xBLDSS
=859  \\$aXLD$bejournal
=852  41$aBritish Library$bDSC$j5007.676000$3Volume 1:Issue 1(2000)-Volume 19:Issue 1(2018)***See ESTAR for full holdings.
=945  \\$aJournal of international migration and integration
=959  \\$fHeld but not currently received
=979  \\$aBritish Library$bDSC$j5007.676000
=CAT  \\$a7174$b40$c20070814$lBLL01$h1158
=CAT  \\$aBATCH-UPD$b00$c20150219$lBLL01$h1644
=CAT  \\$aIPL-CLA$c20150331$lBLL01$h1650
=CAT  \\$aBATCH-UPD$b00$c20150520$lBLL01$h1702
=CAT  \\$aIPL-CLA$c20150630$lBLL01$h1656
=CAT  \\$aBATCH-UPD$b00$c20150820$lBLL01$h1752
=CAT  \\$aIPL-CLA$c20150930$lBLL01$h1819
=CAT  \\$aBATCH-UPD$b00$c20160217$lBLL01$h1638
=CAT  \\$aIPL-CLA$c20160331$lBLL01$h1741
=CAT  \\$aBATCH-UPD$b00$c20160524$lBLL01$h2157
=CAT  \\$aBATCH-UPD$b00$c20160524$lBLL01$h2253
=CAT  \\$aBATCH-UPD$b00$c20160824$lBLL01$h1715
=CAT  \\$aIPL-CLA$c20160930$lBLL01$h1614
=CAT  \\$aBATCH-UPD$b00$c20170216$lBLL01$h1802
=CAT  \\$aIPL-CLA$c20170331$lBLL01$h1853
=CAT  \\$aBATCH-UPD$b00$c20170904$lBLL01$h1804
=CAT  \\$aIPL-CLA$c20170929$lBLL01$h1738
=CAT  \\$aBATCH-UPD$b00$c20180223$lBLL01$h1620
=CAT  \\$aIPL-CLA$c20180331$lBLL01$h1630
=CAT  \\$aW1805-0475$c20180520$lBLL01$h1632
=CAT  \\$aBATCH-UPD$b00$c20180524$lBLL01$h1653
=CAT  \\$aIPL-CLA$c20180630$lBLL01$h1922
=CAT  \\$aW1908-0780$b00$c20200730$lBLL01$h1331
=CAT  \\$aCDS21$c20220118$lBLL01$h1105
=CAT  \\$aBATCH-UPD$b00$c20221121$lBLL01$h1402
=CAT  \\$aIPL-CLA$c20221231$lBLL01$h1448
=CAT  \\$a5410$b40$c20230313$lBLL01$h1342
=CFI  0\$aCurrent copyright fee: GBP29.95$c22\1$e01-jan-2023$fGBP29.95$g0$hP$5Uk
=CFI  2\$aPrevious copyright fee: GBP34.00$c22\1$e01-jul-2018$fGBP34.00$g0$hP$5Uk
=EST  \\$a1
=FFP  \\$aY$bBLDSS-3PM
=FIN  \\$aY$d20131105
=LKR  \\$aPAR$b010490312$lBLL01$r776$mJournal of international migration and integration (Online)$nJournal of international migration and integration (Print).
=MNI  \\$a1488-3473
=TCO  \\$aNLD$bSTICHTING REPRORECHT$c008
=TCO  \\$aCAN$bAccess$c008
=TOC  \\$aETOC
=UNO  \\$aY
=ACF  \\$aPrevious copyright fee: GBP21.25$c13\1$e01-jan-2009$fGBP21.25$g0$hP$5Uk
=ACF  \\$aPrevious Copyright Fee: GBP16.75$c13\1$e14-aug-2007$fGBP16.75$g0$hP$5Uk
=ACF  \\$aPrevious copyright fee: GBP22.00$c13\1$e01-apr-2009$fGBP22.00$g0$hP$5Uk
=ACF  \\$aPrevious copyright fee: GBP22.00$c13\1$e12-aug-2012$fGBP22.00$g0$hP$5Uk
=ACF  \\$aPrevious copyright fee: GBP25.00$c13\1$e01-jan-2013$fGBP25.00$g0$hP$5Uk
=ACF  \\$aPrevious copyright fee: GBP25.77$c13\1$e01-jul-2013$fGBP25.77$g0$hP$5Uk
=ACF  \\$aPrevious copyright fee: GBP24.97$c13\1$e01-jan-2014$fGBP24.97$g0$hP$5Uk
=ACF  \\$aPrevious copyright fee: GBP24.21$c13\1$e01-jul-2014$fGBP24.21$g0$hP$5Uk
=ACF  \\$aPrevious copyright fee: GBP25.77$c13\1$e01-apr-2015$fGBP25.77$g0$hP$5Uk
=ACF  \\$aPrevious copyright fee: GBP26.63$c13\1$e01-jul-2015$fGBP26.63$g0$hP$5Uk
=ACF  \\$aPrevious copyright fee: GBP25.77$c13\1$e01-oct-2015$fGBP25.77$g0$hP$5Uk
=ACF  \\$aPrevious copyright fee: GBP27.55$c13\1$e01-apr-2016$fGBP27.55$g0$hP$5Uk
=ACF  \\$aPrevious copyright fee: GBP29.59$c13\1$e01-oct-2016$fGBP29.59$g0$hP$5Uk
=ACF  \\$aPrevious copyright fee: GBP31.96$c13\1$e01-apr-2017$fGBP31.96$g0$hP$5Uk
=ACF  \\$aPrevious copyright fee: GBP30.73$c13\1$e01-oct-2017$fGBP30.73$g0$hP$5Uk
=ACF  \\$aPrevious copyright fee: GBP28.54$c13\1$e01-apr-2018$fGBP28.54$g0$hP$5Uk
=LAS  \\$a5410$b40$c20230313$lBLL01$h1342

