=LDR  05030cas a2201081 i 4500
=001  014048444
=003  Uk
=005  20230509203946.0
=006  m\\\\\\\\d\\\\\\\\
=007  cr\|||||||||||
=008  070927c19939999gw\br\p\s\\\\\0\\\a0eng\\
=FMT  \\$a  SE
=022  \\$a1863-7353
=040  \\$aUk$beng$cUk$erda
=042  \\$aukblsr
=082  04$a670.5$223
=130  0\$aProduction engineering (Berlin, Germany)
=210  0\$aProd. eng.$b(Berlin. Internet)
=222  \0$aProduction engineering$b(Berlin. Internet)
=245  10$aProduction engineering :$bresearch fand development.
=264  \1$a[Berlin, Germany] :$bSpringer Berlin Heidelberg
=310  \\$aQuarterly
=336  \\$atext$2rdacontent
=337  \\$acomputer$2rdamedia
=338  \\$aonline resource$2rdacarrier
=362  1\$aPrint began with: Vol. 1, issue 1 (1993)-v. 13, issue (2) ; [new series] v. 1, no. 1 (Aug. 2007)-
=588  \\$aDescription based on print version record.
=588  \\$aLatest issue consulted: volume 7, issue 6 (November 2013) (SpringerLink, viewed November 20, 2013).
=540  \\$aCurrent copyright fee: GBP29.95$c22\1$5Uk
=650  \0$aProduction engineering$vPeriodicals.
=650  \0$aIndustrial engineering$vPeriodicals.
=710  2\$aWissenschaftliche Gessellschaft fur Produktionstechnik.
=776  08$iAlso issued in print as:$tProduction engineering (Munich, Germany)$x0944-6524
=856  \\$31850-9999$uhttp://www.springer.com/gb/$xBLDSS
=859  \\$aXLD$bejournal
=852  41$aBritish Library$bDSC$j6853.087100$3Volume 1:Issue 1(2007)-Volume 12:Issue 1(2018)***See ESTAR for full holdings.
=945  \\$aProduction engineering -Munich then Berlin-
=959  \\$fHeld but not currently received
=979  \\$aBritish Library$bDSC$j6853.087100
=CAT  \\$a7174$b40$c20070927$lBLL01$h1437
=CAT  \\$aBATCH-UPD$b00$c20150219$lBLL01$h1743
=CAT  \\$aIPL-CLA$c20150331$lBLL01$h1652
=CAT  \\$aBATCH-UPD$b00$c20150520$lBLL01$h1750
=CAT  \\$aIPL-CLA$c20150630$lBLL01$h1657
=CAT  \\$aBATCH-UPD$b00$c20150820$lBLL01$h1838
=CAT  \\$aIPL-CLA$c20150930$lBLL01$h1821
=CAT  \\$aBATCH-UPD$b00$c20160217$lBLL01$h1728
=CAT  \\$aIPL-CLA$c20160331$lBLL01$h1743
=CAT  \\$aBATCH-UPD$b00$c20160520$lBLL01$h0901
=CAT  \\$aBATCH-UPD$b00$c20160524$lBLL01$h2212
=CAT  \\$aBATCH-UPD$b00$c20160824$lBLL01$h1755
=CAT  \\$aIPL-CLA$c20160930$lBLL01$h1615
=CAT  \\$aBATCH-UPD$b00$c20170216$lBLL01$h1844
=CAT  \\$aIPL-CLA$c20170331$lBLL01$h1854
=CAT  \\$aBATCH-UPD$b00$c20170904$lBLL01$h1852
=CAT  \\$aIPL-CLA$c20170929$lBLL01$h1740
=CAT  \\$aBATCH-UPD$b00$c20180223$lBLL01$h1723
=CAT  \\$aIPL-CLA$c20180331$lBLL01$h1631
=CAT  \\$aW1805-0475$c20180520$lBLL01$h1632
=CAT  \\$aBATCH-UPD$b00$c20180524$lBLL01$h1714
=CAT  \\$aIPL-CLA$c20180630$lBLL01$h1923
=CAT  \\$aW1908-0780$b00$c20200730$lBLL01$h1331
=CAT  \\$aCDS21$c20220118$lBLL01$h1105
=CAT  \\$aBATCH-UPD$b00$c20221121$lBLL01$h1402
=CAT  \\$aIPL-CLA$c20221231$lBLL01$h1448
=CAT  \\$a5410$b40$c20230509$lBLL01$h2039
=CFI  0\$aCurrent copyright fee: GBP29.95$c22\1$e01-jan-2023$fGBP29.95$g0$hP$5Uk
=CFI  2\$aPrevious copyright fee: GBP34.00$c22\1$e01-jul-2018$fGBP34.00$g0$hP$5Uk
=EST  \\$a1
=FFP  \\$aY$bBLDSS-3PM
=FIN  \\$aY$d20131120
=LKR  \\$aPAR$b007878678$lBLL01$nProduction engineering (Print)$mProduction engineering (Online)$r776
=MNI  \\$a0944-6524
=TCO  \\$aDEU$bVG WORT$c008
=TOC  \\$aETOC
=UNO  \\$aY
=ACF  \\$aPrevious copyright fee: GBP21.25$c22\3$e01-jan-2009$fGBP21.25$g0$hP$5Uk
=ACF  \\$aPrevious Copyright Fee: GBP16.75$c22\3$e27-sep-2007$fGBP16.75$g0$hP$5Uk
=ACF  \\$aPrevious copyright fee: GBP22.00$c22\3$e01-apr-2009$fGBP22.00$g0$hP$5Uk
=ACF  \\$aPrevious copyright fee: GBP22.00$c22\3$e12-aug-2012$fGBP22.00$g0$hP$5Uk
=ACF  \\$aPrevious copyright fee: GBP25.00$c22\3$e01-jan-2013$fGBP25.00$g0$hP$5Uk
=ACF  \\$aPrevious copyright fee: GBP25.77$c22\3$e01-jul-2013$fGBP25.77$g0$hP$5Uk
=ACF  \\$aPrevious copyright fee: GBP24.97$c22\3$e01-jan-2014$fGBP24.97$g0$hP$5Uk
=ACF  \\$aPrevious copyright fee: GBP24.21$c22\3$e01-jul-2014$fGBP24.21$g0$hP$5Uk
=ACF  \\$aPrevious copyright fee: GBP25.77$c22\3$e01-apr-2015$fGBP25.77$g0$hP$5Uk
=ACF  \\$aPrevious copyright fee: GBP26.63$c22\3$e01-jul-2015$fGBP26.63$g0$hP$5Uk
=ACF  \\$aPrevious copyright fee: GBP25.77$c22\3$e01-oct-2015$fGBP25.77$g0$hP$5Uk
=ACF  \\$aPrevious copyright fee: GBP27.55$c22\3$e01-apr-2016$fGBP27.55$g0$hP$5Uk
=ACF  \\$aPrevious copyright fee: GBP29.59$c22\3$e01-oct-2016$fGBP29.59$g0$hP$5Uk
=ACF  \\$aPrevious copyright fee: GBP31.96$c22\3$e01-apr-2017$fGBP31.96$g0$hP$5Uk
=ACF  \\$aPrevious copyright fee: GBP30.73$c22\3$e01-oct-2017$fGBP30.73$g0$hP$5Uk
=ACF  \\$aPrevious copyright fee: GBP28.54$c22\3$e01-apr-2018$fGBP28.54$g0$hP$5Uk
=LAS  \\$a5410$b40$c20230509$lBLL01$h2039

