=LDR  04913cas a2201069 i 4500
=001  014489203
=003  Uk
=005  20230328150737.0
=006  m\\\\\\\\d\\\\\\\\
=007  cr\|||||||||||
=008  080109c19399999ii\br\p\s\\\\\0\\\a0eng\\
=FMT  \\$a  SE
=022  \\$a0973-9793
=040  \\$aUk$beng$cUk$erda
=042  \\$aukblsr
=082  04$a617.005$223
=210  0\$aIndian j. surg.$b(Online)
=222  \0$aIndian journal of surgery$b(Online)
=245  00$aIndian journal of surgery.
=264  \1$a[Mumbai] :$bSpringer India
=310  \\$aBimonthly
=336  \\$atext$2rdacontent
=337  \\$acomputer$2rdamedia
=338  \\$aonline resource$2rdacarrier
=362  1\$aPrint began with volume 1 (March 1939).
=588  \\$aDescription based on: volume 69, issue 4 (August 2007); title fromjournal of contents page (SpringerLink, viewed September 30, 2013).
=588  \\$aLatest issue consulted: volume 74, issue 4 (August 2013) (viewed September 30, 2013).
=540  \\$aCurrent copyright fee: GBP34.95$c22\1$5Uk
=650  \0$aSurgery$zIndia$vPeriodicals.
=710  2\$aAssociation of Surgeons of India,$eissuing body.
=776  08$iAlso issued in print as:$tIndian journal of surgery$x0972-2068
=856  \\$31850-9999$uhttp://www.springer.com/gb/$xBLDSS
=859  \\$aXLD$bejournal
=852  41$aBritish Library$bDSC$j4421.350000$3Volume 69:Issue 3(2007)-Volume 79:Issue 6(2017)***See ESTAR for full holdings.
=945  \\$aIndian journal of surgery
=959  \\$fHeld but not currently received
=979  \\$aBritish Library$bDSC$j4421.350000
=CAT  \\$a7174$b40$c20080109$lBLL01$h1551
=CAT  \\$aBATCH-UPD$b00$c20150520$lBLL01$h1751
=CAT  \\$aIPL-CLA$c20150630$lBLL01$h1700
=CAT  \\$aBATCH-UPD$b00$c20150820$lBLL01$h1838
=CAT  \\$aIPL-CLA$c20150930$lBLL01$h1825
=CAT  \\$aBATCH-UPD$b00$c20160217$lBLL01$h1728
=CAT  \\$aIPL-CLA$c20160331$lBLL01$h1747
=CAT  \\$aBATCH-UPD$b00$c20160524$lBLL01$h2212
=CAT  \\$aBATCH-UPD$b00$c20160525$lBLL01$h0032
=CAT  \\$aBATCH-UPD$b00$c20160824$lBLL01$h1755
=CAT  \\$aIPL-CLA$c20160930$lBLL01$h1619
=CAT  \\$aBATCH-UPD$b00$c20170216$lBLL01$h1844
=CAT  \\$aIPL-CLA$c20170331$lBLL01$h1857
=CAT  \\$aBATCH-UPD$b00$c20170904$lBLL01$h1853
=CAT  \\$aIPL-CLA$c20170929$lBLL01$h1743
=CAT  \\$aBATCH-UPD$b00$c20180223$lBLL01$h1723
=CAT  \\$aIPL-CLA$c20180331$lBLL01$h1635
=CAT  \\$aW1805-0475$c20180520$lBLL01$h1632
=CAT  \\$aBATCH-UPD$b00$c20180524$lBLL01$h1714
=CAT  \\$aIPL-CLA$c20180630$lBLL01$h1925
=CAT  \\$aW1908-0780$b00$c20200730$lBLL01$h1331
=CAT  \\$a5552$b40$c20210813$lBLL01$h1046
=CAT  \\$aIPL-CLA$c20210930$lBLL01$h1528
=CAT  \\$aCDS21$c20220118$lBLL01$h1105
=CAT  \\$aBATCH-UPD$b00$c20221121$lBLL01$h1411
=CAT  \\$aIPL-CLA$c20221231$lBLL01$h1449
=CAT  \\$a5410$b40$c20230328$lBLL01$h1507
=CFI  0\$aCurrent copyright fee: GBP34.95$c22\1$e01-jan-2023$fGBP34.95$g0$hP$5Uk
=CFI  2\$aPrevious copyright fee: GBP43.00$c22\1$e01-oct-2021$fGBP43.00$g0$hP$5Uk
=EST  \\$a1
=FFP  \\$aY$bBLDSS-3PM
=FIN  \\$aY$d20130930
=LKR  \\$aPAR$b009848598$lBLL01$nIndian journal of surgery (Print)$mIndian journal of surgery (Online)$r776
=MNI  \\$a0972-2068
=TCO  \\$aXXX$c008
=TOC  \\$aETOC
=UNO  \\$aY
=ACF  \\$aPrevious copyright fee: GBP21.25$c22\3$e01-jan-2009$fGBP21.25$g0$hP$5Uk
=ACF  \\$aPrevious Copyright Fee: GBP16.75$c22\3$e09-jan-2008$fGBP16.75$g0$hP$5Uk
=ACF  \\$aPrevious copyright fee: GBP22.00$c22\3$e01-apr-2009$fGBP22.00$g0$hP$5Uk
=ACF  \\$aPrevious copyright fee: GBP22.00$c22\3$e12-aug-2012$fGBP22.00$g0$hP$5Uk
=ACF  \\$aPrevious copyright fee: GBP25.00$c22\3$e01-jan-2013$fGBP25.00$g0$hP$5Uk
=ACF  \\$aPrevious copyright fee: GBP25.77$c22\3$e01-jul-2013$fGBP25.77$g0$hP$5Uk
=ACF  \\$aPrevious copyright fee: GBP24.97$c22\3$e01-jan-2014$fGBP24.97$g0$hP$5Uk
=ACF  \\$aPrevious copyright fee: GBP24.21$c22\3$e01-jul-2014$fGBP24.21$g0$hP$5Uk
=ACF  \\$aPrevious copyright fee: GBP25.77$c22\3$e01-apr-2015$fGBP25.77$g0$hP$5Uk
=ACF  \\$aPrevious copyright fee: GBP26.63$c22\3$e01-jul-2015$fGBP26.63$g0$hP$5Uk
=ACF  \\$aPrevious copyright fee: GBP25.77$c22\3$e01-oct-2015$fGBP25.77$g0$hP$5Uk
=ACF  \\$aPrevious copyright fee: GBP27.55$c22\3$e01-apr-2016$fGBP27.55$g0$hP$5Uk
=ACF  \\$aPrevious copyright fee: GBP29.59$c22\3$e01-oct-2016$fGBP29.59$g0$hP$5Uk
=ACF  \\$aPrevious copyright fee: GBP31.96$c22\3$e01-apr-2017$fGBP31.96$g0$hP$5Uk
=ACF  \\$aPrevious copyright fee: GBP30.73$c22\3$e01-oct-2017$fGBP30.73$g0$hP$5Uk
=ACF  \\$aPrevious copyright fee: GBP28.54$c22\3$e01-apr-2018$fGBP28.54$g0$hP$5Uk
=ACF  \\$aPrevious copyright fee: GBP34.00$c22\1$e01-jul-2018$fGBP34.00$g0$hP$5Uk
=LAS  \\$a5410$b40$c20230328$lBLL01$h1507

