=LDR  05040cas a2201093 i 4500
=001  014565057
=003  Uk
=005  20230319100526.0
=006  m\\\\\\\\d\\\\\\\\
=007  cr\|||||||||||
=008  080317c19959999ne\br\p\s\\\\\0\\\a0eng\\
=FMT  \\$a  SE
=022  \\$a1976-3794
=040  \\$aUk$beng$cUk$erda
=042  \\$aukblsr
=082  04$a579$223
=210  0\$aJ. microbiol.$b(Online)
=222  \0$aJournal of microbiology$b(Online)
=245  04$aThe journal of microbiology.
=264  \1$a[Dordrecht] :$bSpringer Netherlands
=310  \\$aBimonthly
=336  \\$atext$2rdacontent
=337  \\$acomputer$2rdamedia
=338  \\$aonline resource$2rdacarrier
=362  1\$aPrint began in 1995.
=550  \\$aCo-publication with The Microbiological Society of Korea.
=588  \\$aDescription based on: volume 46, issue 1 (February 2008); title from PDF article running title (SpringerLink, viewed November 8, 2013).
=588  \\$aLatest issue consulted: volume 51, issue 5 (October 2013) (SpringerLink, viewed November 2013).
=580  \\$aOriginal print version of this title was preceded by an earlier title: Misaengmul Hakhoe chi.
=540  \\$aCurrent copyright fee: GBP29.95$c22\1$5Uk
=650  \0$aMicrobiology$vPeriodicals.
=780  00$tMisaengmul Hakhoe chi
=710  2\$aHanguk Misaengmul Hakhoe,$eissuing body.
=776  08$iAlso issued in print as:$tJournal of microbiology$x1225-8873
=856  \\$31850-9999$uhttp://www.springer.com/gb/$xBLDSS
=859  \\$aXLD$bejournal
=852  41$aBritish Library$bDSC$j5019.285700$3Volume 46:Issue 1(2008)-Volume 56:Issue 3(2018)***See ESTAR for full holdings.
=945  \\$aJournal of microbiology -Seoul-
=959  \\$fHeld but not currently received
=979  \\$aBritish Library$bDSC$j5019.285700
=CAT  \\$a7174$b40$c20080317$lBLL01$h1356
=CAT  \\$aBATCH-UPD$b00$c20150219$lBLL01$h1847
=CAT  \\$aIPL-CLA$c20150331$lBLL01$h1656
=CAT  \\$aBATCH-UPD$b00$c20150520$lBLL01$h1839
=CAT  \\$aIPL-CLA$c20150630$lBLL01$h1700
=CAT  \\$aBATCH-UPD$b00$c20150820$lBLL01$h1920
=CAT  \\$aIPL-CLA$c20150930$lBLL01$h1826
=CAT  \\$aBATCH-UPD$b00$c20160217$lBLL01$h1815
=CAT  \\$aIPL-CLA$c20160331$lBLL01$h1748
=CAT  \\$aBATCH-UPD$b00$c20160524$lBLL01$h2245
=CAT  \\$aBATCH-UPD$b00$c20160525$lBLL01$h0512
=CAT  \\$aBATCH-UPD$b00$c20160824$lBLL01$h1840
=CAT  \\$aIPL-CLA$c20160930$lBLL01$h1620
=CAT  \\$aBATCH-UPD$b00$c20170216$lBLL01$h1923
=CAT  \\$aIPL-CLA$c20170331$lBLL01$h1858
=CAT  \\$aBATCH-UPD$b00$c20170904$lBLL01$h1944
=CAT  \\$aIPL-CLA$c20170929$lBLL01$h1744
=CAT  \\$aBATCH-UPD$b00$c20180223$lBLL01$h1823
=CAT  \\$aIPL-CLA$c20180331$lBLL01$h1636
=CAT  \\$aW1805-0475$c20180520$lBLL01$h1632
=CAT  \\$aBATCH-UPD$b00$c20180524$lBLL01$h1741
=CAT  \\$aIPL-CLA$c20180630$lBLL01$h1925
=CAT  \\$aW1908-0780$b00$c20200730$lBLL01$h1331
=CAT  \\$aCDS21$c20220118$lBLL01$h1105
=CAT  \\$aBATCH-UPD$b00$c20221121$lBLL01$h1402
=CAT  \\$aIPL-CLA$c20221231$lBLL01$h1449
=CAT  \\$a5410$b40$c20230319$lBLL01$h1005
=CFI  0\$aCurrent copyright fee: GBP29.95$c22\1$e01-jan-2023$fGBP29.95$g0$hP$5Uk
=CFI  2\$aPrevious copyright fee: GBP34.00$c22\1$e01-jul-2018$fGBP34.00$g0$hP$5Uk
=EST  \\$a1
=FFP  \\$aY$bBLDSS-3PM
=FIN  \\$aY$d20131108
=LKR  \\$aPAR$b010490840$lBLL01$nJournal of microbiology (Print)$mjournal of microbiology (Online)$r776
=MNI  \\$a1225-8873
=TCO  \\$aXXX$c008
=TOC  \\$aETOC
=UNO  \\$aY
=ACF  \\$aPrevious copyright fee: GBP21.25$c41\1$e01-jan-2009$fGBP21.25$g0$hP$5Uk
=ACF  \\$aPrevious Copyright Fee: GBP16.75$c41\1$e17-mar-2008$fGBP16.75$g0$hP$5Uk
=ACF  \\$aPrevious copyright fee: GBP22.00$c41\1$e01-apr-2009$fGBP22.00$g0$hP$5Uk
=ACF  \\$aPrevious copyright fee: GBP22.00$c41\1$e12-aug-2012$fGBP22.00$g0$hP$5Uk
=ACF  \\$aPrevious copyright fee: GBP25.00$c41\1$e01-jan-2013$fGBP25.00$g0$hP$5Uk
=ACF  \\$aPrevious copyright fee: GBP25.77$c41\1$e01-jul-2013$fGBP25.77$g0$hP$5Uk
=ACF  \\$aPrevious copyright fee: GBP24.97$c41\1$e01-jan-2014$fGBP24.97$g0$hP$5Uk
=ACF  \\$aPrevious copyright fee: GBP24.21$c41\1$e01-jul-2014$fGBP24.21$g0$hP$5Uk
=ACF  \\$aPrevious copyright fee: GBP25.77$c41\1$e01-apr-2015$fGBP25.77$g0$hP$5Uk
=ACF  \\$aPrevious copyright fee: GBP26.63$c41\1$e01-jul-2015$fGBP26.63$g0$hP$5Uk
=ACF  \\$aPrevious copyright fee: GBP25.77$c41\1$e01-oct-2015$fGBP25.77$g0$hP$5Uk
=ACF  \\$aPrevious copyright fee: GBP27.55$c41\1$e01-apr-2016$fGBP27.55$g0$hP$5Uk
=ACF  \\$aPrevious copyright fee: GBP29.59$c41\1$e01-oct-2016$fGBP29.59$g0$hP$5Uk
=ACF  \\$aPrevious copyright fee: GBP31.96$c41\1$e01-apr-2017$fGBP31.96$g0$hP$5Uk
=ACF  \\$aPrevious copyright fee: GBP30.73$c41\1$e01-oct-2017$fGBP30.73$g0$hP$5Uk
=ACF  \\$aPrevious copyright fee: GBP28.54$c41\1$e01-apr-2018$fGBP28.54$g0$hP$5Uk
=LAS  \\$a5410$b40$c20230319$lBLL01$h1005

